% Voir cet article pour apprendre à utiliser BibLaTeX afin de gérer une bibliographie :
% http://bertrandmasson.free.fr/index.php?article27/

@online{mcmaster,
author = {Anonyme},
title = {Multipurpose Aluminum (Alloy 6061)},
year = {},
url = {http ://www.mcmaster.com/#standard-aluminum-hollow-tubing/=pa91ou},
addendum = {Consulté le 24 novembre 2013},
}

@report{rapport,
author = {Auteur},
title = {Titre},
type = {Type de rapport},
institution = {Organisation},
year = {Année},
url = {http ://www.mcmaster.com/#standard-aluminum-hollow-tubing/=pa91ou},
addendum = {Consulté le 24 novembre 2013},
}


